<record><leader>00000cas a22000007a 4500</leader><controlfield tag="001">17956049</controlfield><controlfield tag="008">880516d18801889lauwr ne      0    0eng d</controlfield><datafield ind1=" " ind2=" " tag="010"><subfield code="a">sn 88064420 </subfield></datafield><datafield ind1=" " ind2=" " tag="040"><subfield code="a">LNP</subfield><subfield code="b">eng</subfield><subfield code="c">LNP</subfield><subfield code="d">DLC</subfield><subfield code="d">OCLCF</subfield><subfield code="d">OCLCO</subfield></datafield><datafield ind1="1" ind2=" " tag="029"><subfield code="a">AU@</subfield><subfield code="b">000020507658</subfield></datafield><datafield ind1=" " ind2=" " tag="042"><subfield code="a">msc</subfield></datafield><datafield ind1="0" ind2=" " tag="130"><subfield code="a">Monroe bulletin (Monroe, La. : 1880)</subfield></datafield><datafield ind1="0" ind2="4" tag="245"><subfield code="a">The Monroe bulletin.</subfield></datafield><datafield ind1=" " ind2=" " tag="260"><subfield code="a">Monroe, La. :</subfield><subfield code="b">Wm. H. Gayle,</subfield></datafield><datafield ind1=" " ind2=" " tag="310"><subfield code="a">Weekly</subfield></datafield><datafield ind1="0" ind2=" " tag="362"><subfield code="a">Vol. 1, no. 1 (Feb. 11, 1880)-</subfield></datafield><datafield ind1="1" ind2=" " tag="362"><subfield code="a">Ceased in 1889?</subfield></datafield><datafield ind1=" " ind2="0" tag="651"><subfield code="a">Monroe (La.)</subfield><subfield code="v">Newspapers.</subfield></datafield><datafield ind1=" " ind2="7" tag="655"><subfield code="a">Newspapers.</subfield><subfield code="2">fast</subfield><subfield code="0">(OCoLC)fst01423814</subfield></datafield><datafield ind1=" " ind2="7" tag="651"><subfield code="a">Louisiana</subfield><subfield code="z">Monroe.</subfield><subfield code="2">fast</subfield><subfield code="0">(OCoLC)fst01215407</subfield></datafield><datafield ind1=" " ind2=" " tag="752"><subfield code="a">United States</subfield><subfield code="b">Louisiana</subfield><subfield code="c">Ouachita</subfield><subfield code="d">Monroe.</subfield></datafield><datafield ind1="0" ind2="7" tag="785"><subfield code="t">Ouachita telegraph (Monroe, La. : 1865)</subfield><subfield code="x">2159-3760</subfield><subfield code="w">(DLC)sn 85034336</subfield><subfield code="w">(OCoLC)12653997</subfield></datafield><datafield ind1="0" ind2="7" tag="785"><subfield code="t">Telegraph-bulletin</subfield><subfield code="w">(DLC)sn 88064421</subfield></datafield></record>